
@book{LevelUpTheGuidetoGreatVideoGameDesign_Rogers,
  edition = {John Wiley \& Sons Publication},
  title = {Level Up! The Guide to Great Video Game Design},
  pagetotal = {492},
  timestamp = {2015-08-10 05:31:40},
  author = {Rogers, Scott},
  date = {2010},
  langid = {english}
}

@thesis{FlowinGames_Chen,
  title = {Flow in Games},
  abstract = {This  thesis  provides  a unique game design methodology to realize player-centric Dynamic 
Difficulty   Adjustment   (DDA)   in   video  games,   which  creates   optimized  video   game 
experiences for different types of players.

Rather  than offering  player  a passive  DDA  experience  by  analyzing incomplete in-game 
data,  this  thesis  uses  Mihaly  Csikszentmihalyi’s  Flow  theory  and  provides  players  with 
subconscious   choices   to   help   them   actively   customize   their   optimal   video   game 
experiences.  It  treats  active  DDA  as  a  new  parameter  for  analyzing  video  games   and 
seeks to address why certain video games had a wider appeal than others},
  pagetotal = {20},
  timestamp = {2015-08-10 05:29:52},
  author = {Chen, Jenova},
  langid = {english}
}

@inreference{Coordonneesspheriques_,
  title = {Coordonnées sphériques},
  rights = {Creative Commons Attribution-{ShareAlike} License},
  url = {https://fr.wikipedia.org/w/index.php?title=Coordonn%C3%A9es_sph%C3%A9riques&oldid=117412011},
  abstract = {On appelle coordonnées sphériques divers systèmes de coordonnées de l'espace qui généralisent les coordonnées polaires du plan. Un point de l'espace y est repéré par la distance à un pôle et deux angles. Ce système est d'emploi courant pour le repérage géographique : l'altitude, la latitude, et la longitude sont une variante de ces coordonnées. Plusieurs systèmes de coordonnées sphériques sont également employés en astrométrie.
Il existe différentes conventions concernant la définition des angles. Cet article utilise la convention P(ρ,θ,φ), utilisée en mathématiques, où θ désigne la longitude et est compris entre 0 et 2π, et φ désigne la colatitude et est compris entre 0 et π.},
  timestamp = {2015-08-13 07:47:09},
  booktitle = {Wikipédia},
  urldate = {2015-08-13},
  date = {2015-08-03},
  langid = {french},
  file = {Snapshot:C\:\\Users\\Yves Zumbach\\AppData\\Roaming\\Mozilla\\Firefox\\Profiles\\ucn2l833.default\\zotero\\storage\\32EQXF4Z\\index.html:text/html}
}

@book{TheLaTeXCompanion_Mittelbach,
  location = {Boston},
  edition = {2nd edition},
  title = {The {LaTeX} Companion},
  isbn = {978-0-201-36299-2},
  abstract = {This is the digial version of the printed book (Copyright © 2004).   The LaTeX Companion has long been the essential resource for anyone using LaTeX to create high-quality printed documents. This completely updated edition brings you all the latest information about LaTeX and the vast range of add-on packages now available--over 200 are covered! Full of new tips and tricks for using LaTeX in both traditional and modern typesetting, this book will also show you how to customize layout features to your own needs--from phrases and paragraphs to headings, lists, and pages.   Inside, you will find:   Expert advice on using LaTeX's basic formatting tools to create all types of publications--from memos to encyclopedias  In-depth coverage of important extension packages for tabular and technical typesetting, floats and captions, multicolumn layouts--including reference guides and discussions of the underlying typographic and TeXnical concepts  Detailed techniques for generating and typesetting contents lists, bibliographies, indexes, etc.  Tips and tricks for LaTeX programmers and systems support   New to this edition:   Nearly 1,000 fully tested examples that illustrate the text and solve typographical and technical problems--all ready to run!  An additional chapter on citations and bibliographies  Expanded material on the setup and use of fonts to access a huge collection of glyphs, and to typeset text from a wide range of languages and cultures  Major new packages for graphics, "verbatim" listings, floats, and page layout  Full coverage of the latest packages for all types ofdocuments--mathematical, multilingual, and many more  Detailed help on all error messages, including those troublesome low-level TeX errors  Like its predecessor,  The LaTeX Companion, Second Edition,  is an indispensable reference for anyone wishing to use LaTeX productively. The accompanying CD-ROM contains a complete plug-and-play LaTeX installation, including all the packages and examples featured in the book.},
  pagetotal = {1120},
  timestamp = {2015-05-14 10:02:51},
  publisher = {Addison-Wesley Professional},
  author = {Mittelbach, Frank and Goossens, Michel and Braams, Johannes and Carlisle, David and Rowley, Chris},
  date = {2004-05-02},
  langid = {english}
}

@inreference{Logiciellibre_,
  title = {Logiciel libre},
  rights = {Creative Commons Attribution-{ShareAlike} License},
  url = {http://fr.wikipedia.org/w/index.php?title=Logiciel_libre&oldid=111729358},
  abstract = {Un logiciel libre est un logiciel dont l'utilisation, l'étude, la modification et la duplication en vue de sa diffusion sont permises, techniquement et légalement. Ceci afin de garantir certaines libertés induites, dont le contrôle du programme par l'utilisateur et la possibilité de partage entre individus.
Ces droits peuvent être simplement disponibles (cas du domaine public) ou bien établis par une licence, dite « libre », basée sur le droit d'auteur. Les « licences copyleft » garantissent le maintien de ces droits aux utilisateurs même pour les travaux dérivés.
Les logiciels libres constituent une alternative à ceux qui ne le sont pas, qualifiés de « propriétaires » ou de « privateurs ». Ces derniers sont alors considérés par une partie de la communauté du logiciel libre comme étant l'instrument d'un pouvoir injuste, en permettant au développeur de contrôler l'utilisateur.
Le logiciel libre est souvent confondu à tort avec :
les gratuiciels (freewares) : un gratuiciel est un logiciel gratuit propriétaire, alors qu'un logiciel libre se définit par les libertés accordées à l'utilisateur. Si la nature du logiciel libre facilite et encourage son partage, ce qui tend à le rendre gratuit, elle ne s'oppose pas pour autant à sa rentabilité principalement via des services associés. Les rémunérations sont liées par exemple aux travaux de création, de développement, de mise à disposition et de soutien technique. D'un autre côté les logiciels gratuits ne sont pas nécessairement libres, car leur code source n'est pas systématiquement accessible, et leur licence peut ne pas correspondre à la définition du logiciel libre.
l’open source : le logiciel libre, selon son initiateur, est un mouvement social qui repose sur les principes de Liberté, Égalité, Fraternité ; l’open source quant à lui, décrit pour la première fois dans La Cathédrale et le Bazar, s'attache aux avantages d'une méthode de développement au travers de la réutilisation du code source.},
  timestamp = {2015-05-15 16:50:09},
  booktitle = {Wikipédia},
  urldate = {2015-05-14},
  date = {2015-02-10},
  langid = {french},
  file = {Snapshot:C\:\\Users\\Yves Zumbach\\AppData\\Roaming\\Mozilla\\Firefox\\Profiles\\ucn2l833.default\\zotero\\storage\\ZNPBTGIS\\index.html:text/html}
}

@online{RockstarMorethan1000peoplemadeGTAV_,
  title = {Rockstar: More than 1,000 people made {GTAV}},
  url = {http://www.gamespot.com/articles/rockstar-more-than-1000-people-made-gtav/1100-6415330/},
  shorttitle = {Rockstar},
  abstract = {"It's probably more. Much more," says Rockstar North president.},
  timestamp = {2015-08-24 20:32:14},
  titleaddon = {{GameSpot}},
  urldate = {2015-08-24},
  file = {Snapshot:C\:\\Users\\Yves Zumbach\\AppData\\Roaming\\Mozilla\\Firefox\\Profiles\\ucn2l833.default\\zotero\\storage\\I795F85Q\\1100-6415330.html:text/html}
}

@inreference{Opensource_,
  title = {Open source},
  rights = {Creative Commons Attribution-{ShareAlike} License},
  url = {http://fr.wikipedia.org/w/index.php?title=Open_source&oldid=113672946},
  abstract = {La désignation open source, ou « code source ouvert », s'applique aux logiciels dont la licence respecte des critères précisément établis par l'Open Source Initiative, c'est-à-dire les possibilités de libre redistribution, d'accès au code source et de création de travaux dérivés.
« Open source » désigne un logiciel dans lequel le code source est à la disposition du grand public, et c'est généralement un effort de collaboration où les programmeurs améliorent ensemble le code source et partagent les changements au sein de la communauté ainsi que d'autres membres peuvent contribuer.
L’open source a déjà investi tous les grands domaines du système d’information des administrations françaises : environnements serveurs, domaines applicatifs, outils d’ingénierie, solutions de réseaux et sécurité. Les solutions open source sont désormais au même rang que les solutions propriétaires dans le paysage des logiciels du secteur public. Les décideurs effectuent d’ailleurs de plus en plus leur choix à partir d’un jugement éclairé, en comparant systématiquement solutions propriétaires et solution libres.},
  timestamp = {2015-05-15 16:50:14},
  booktitle = {Wikipédia},
  urldate = {2015-05-14},
  date = {2015-04-08},
  langid = {french},
  file = {Snapshot:C\:\\Users\\Yves Zumbach\\AppData\\Roaming\\Mozilla\\Firefox\\Profiles\\ucn2l833.default\\zotero\\storage\\KVH8DZME\\index.html:text/html}
}

@inreference{Jeuvideo_,
  title = {Jeu vidéo},
  rights = {Creative Commons Attribution-{ShareAlike} License},
  url = {http://fr.wikipedia.org/w/index.php?title=Jeu_vid%C3%A9o&oldid=114978590},
  abstract = {Un jeu vidéo est un jeu électronique qui implique une interaction humaine avec une interface utilisateur dans le but de générer un retour visuel sur un dispositif vidéo. Le joueur de jeu vidéo dispose de périphériques pour agir sur le jeu et percevoir les conséquences de ses actes sur l'environnement virtuel. Le mot « vidéo » dans le jeu vidéo, fait traditionnellement référence à un dispositif d'affichage de trame, mais à la suite de la vulgarisation du terme il implique désormais tout type de dispositif d'affichage.
Les systèmes électroniques utilisés pour jouer à des jeux vidéo, connus sous le nom de plates-formes, peuvent être aussi bien de gros ordinateurs, que de petits appareils portables, tels la borne d'arcade, la console de jeux vidéo, l'ordinateur personnel ou encore le smartphone. Les jeux vidéo spécialisés tels que les jeux d'arcade, auparavant communs, ont progressivement diminué dans leur usage. Le jeu vidéo est aujourd'hui considéré comme une industrie, et parfois envisagé comme une forme d'art.
Le périphérique d'entrée principalement utilisé pour manipuler les jeux vidéo est appelé un contrôleur de jeu, il varie selon les plates-formes. Par exemple, un contrôleur peut être constitué de seulement un bouton et d'un joystick, tandis qu'un autre peut disposer d'une douzaine de boutons et d'un ou plusieurs joysticks. Les premiers jeux d'ordinateurs personnels avaient souvent besoin d'un clavier pour le jeu, ou plus couramment, nécessitaient à l'utilisateur d'acheter un joystick avec au moins un bouton. Beaucoup de jeux modernes sur ordinateur permettent ou imposent au joueur d'utiliser un clavier et une souris simultanément. Quelques-uns des contrôleurs de jeu les plus courants sont les manettes de jeu, souris, claviers et joysticks. Au cours des dernières années, d'autres méthodes d'entrée ont émergé, comme l'observation du joueur par caméra pour les consoles de jeux vidéo, et les écrans tactiles sur les appareils mobiles.},
  timestamp = {2015-05-15 16:50:01},
  booktitle = {Wikipédia},
  urldate = {2015-05-14},
  date = {2015-05-13},
  langid = {french},
  file = {Snapshot:C\:\\Users\\Yves Zumbach\\AppData\\Roaming\\Mozilla\\Firefox\\Profiles\\ucn2l833.default\\zotero\\storage\\9KEU92MF\\index.html:text/html}
}

@inreference{Steampunk_,
  title = {Steampunk},
  rights = {Creative Commons Attribution-{ShareAlike} License},
  url = {http://fr.wikipedia.org/w/index.php?title=Steampunk&oldid=114797617},
  abstract = {Le steampunk est au départ un genre littéraire dont l'intitulé a été forgé par allusion au cyberpunk par l'auteur K. W. Jeter à titre de boutade. Pour cette raison, il est parfois plus approprié de parler de « rétrofuturisme » pour désigner le mouvement. L'expression steampunk, qui signifie littéralement punk à vapeur, parfois traduite par futur à vapeur, est un terme inventé pour qualifier un genre de littérature né à la fin du XXe siècle, dont l'action se déroule dans l'atmosphère de la société industrielle du XIXe siècle. Le terme fait référence à l'utilisation massive des machines à vapeur au début de la révolution industrielle puis à l'époque victorienne. Aujourd'hui le steampunk est considéré comme un esthétisme pouvant intéresser à la fois des œuvres littéraire fantastique, de fantasy, d'anticipation et certains sous-genres de la science-fiction.
Mais le style steampunk quitta rapidement la seule sphère de la littérature pour s'étendre à d'autres domaines de création et d'expression et devenir un fandom autonome.},
  timestamp = {2015-05-15 16:50:17},
  booktitle = {Wikipédia},
  urldate = {2015-05-15},
  date = {2015-05-07},
  langid = {french},
  file = {Snapshot:C\:\\Users\\Yves Zumbach\\AppData\\Roaming\\Mozilla\\Firefox\\Profiles\\ucn2l833.default\\zotero\\storage\\5HQDSPBV\\index.html:text/html}
}

@online{Whatissteampunk_,
  title = {What is Steampunk?},
  url = {http://www.ministryofpeculiaroccurrences.com/what-is-steampunk/},
  timestamp = {2015-05-16 07:52:49},
  urldate = {2015-05-16},
  file = {What is Steampunk?:C\:\\Users\\Yves Zumbach\\AppData\\Roaming\\Mozilla\\Firefox\\Profiles\\ucn2l833.default\\zotero\\storage\\SMPWQEZS\\what-is-steampunk.html:text/html}
}

@online{StoneGolem_Sinto-risky,
  title = {Stone Golem},
  url = {http://sinto-risky.deviantart.com/art/Stone-Golem-199577323},
  timestamp = {2015-08-10 08:20:09},
  author = {Sinto-risky,},
  keywords = {image}
}

@online{Adiagramofsphericalcoordinatesdefiningapointbycolatitudelongitudeandradius_Wikipedia,
  title = {A diagram of spherical coordinates, defining a point by colatitude, φ, longitude, θ, and radius, ρ},
  url = {https://upload.wikimedia.org/wikipedia/commons/5/51/Spherical_Coordinates_%28Colatitude%2C_Longitude%29.svg},
  abstract = {Dans cette convention de coordonnées sphériques, la position du point P est définie par la distance ρ et par les angles φ (colatitude) et θ (longitude)},
  timestamp = {2015-08-13 07:49:24},
  author = {Wikipédia,},
  urldate = {2015-08-13},
  keywords = {image},
  file = {storage\:Spherical_Coordinates_(Colatitude,_Longitude).svg:C\:\\Users\\Yves Zumbach\\AppData\\Roaming\\Mozilla\\Firefox\\Profiles\\ucn2l833.default\\zotero\\storage\\CFUCVWXH\\Spherical_Coordinates_(Colatitude,_Longitude).svg:image/svg+xml}
}

@online{Normalmappingusedtoredetailsimplifiedmeshes_,
  title = {Normal mapping used to re-detail simplified meshes},
  url = {https://en.wikipedia.org/wiki/Normal_mapping},
  timestamp = {2015-08-16 20:16:01},
  keywords = {image}
}

@online{AboveCityWallpaperSteampunkWallpaper_Matt69ers_sl,
  title = {Above City Wallpaper - Steampunk Wallpaper},
  url = {http://godsofart.com/wp-conten},
  timestamp = {2015-05-23 08:01:51},
  author = {Matt69ers\_sl,},
  urldate = {2015-05-23},
  keywords = {image}
}

@online{SteampunkCityLandscapeWidescreenDesktopWallpaper_,
  title = {Steampunk City Landscape Widescreen Desktop Wallpaper},
  url = {http://pocketguys.com/steampunk-city-landscape-widescreen-desktop-wallpaper},
  timestamp = {2015-05-23 08:02:15},
  urldate = {2015-05-23},
  keywords = {image}
}

@online{SciFiSteampunkWallpaper_,
  title = {Sci Fi / Steampunk Wallpaper},
  url = {http://wall.alphacoders.com/big.php?i=217481},
  timestamp = {2015-05-23 08:02:08},
  urldate = {2015-05-23},
  keywords = {image}
}

@online{TheScavengers_,
  title = {The Scavengers},
  url = {www.roleplaygateway.com},
  timestamp = {2015-05-23 08:02:30},
  urldate = {2015-05-23},
  keywords = {image}
}

@online{LateAfternoonTrainTravellingThroughaSteampunkCity_,
  title = {Late Afternoon Train Travelling Through a Steampunk City},
  url = {www.howtogeek.com},
  timestamp = {2015-05-23 08:02:01},
  urldate = {2015-05-23},
  keywords = {image}
}

@online{SteampunkCityonPinterestSteampunkAirshipSteampunkIllustrationandLadyMechanika_,
  title = {Steampunk City on Pinterest | Steampunk Airship, Steampunk Illustration and Lady Mechanika},
  url = {www.pinterest.com},
  timestamp = {2015-05-23 08:02:21},
  urldate = {2015-05-23},
  keywords = {image}
}

@online{CityofSteamAcikBetaBasliyor_,
  title = {City of Steam Açık Beta Başlıyor},
  url = {frpnet.net},
  timestamp = {2015-05-23 08:01:57},
  urldate = {2015-05-23},
  keywords = {image}
}

@online{SteampunkTeslapunkonPinterest_,
  title = {Steampunk Teslapunk on Pinterest},
  url = {www.pinterest.com},
  timestamp = {2015-05-23 08:02:25},
  urldate = {2015-05-23},
  keywords = {image}
}

@comment{jabref-meta: groupsversion:3;}
@comment{jabref-meta: groupstree:
0 AllEntriesGroup:;
1 ExplicitGroup:images\;0\;StoneGolem_Sinto-risky\;Adiagramofspherical
coordinatesdefiningapointbycolatitudelongitudeandradius_Wikipedia\;Nor
malmappingusedtoredetailsimplifiedmeshes_\;AboveCityWallpaperSteampunk
Wallpaper_Matt69ers_sl\;SteampunkCityLandscapeWidescreenDesktopWallpap
er_\;SciFiSteampunkWallpaper_\;TheScavengers_\;LateAfternoonTrainTrave
llingThroughaSteampunkCity_\;SteampunkCityonPinterestSteampunkAirshipS
teampunkIllustrationandLadyMechanika_\;CityofSteamAcikBetaBasliyor_\;S
teampunkTeslapunkonPinterest_\;;
}

